@article{2021MNRAS.505L..95A,
 adsnote = {Provided by the SAO/NASA Astrophysics Data System},
 adsurl = {https://ui.adsabs.harvard.edu/abs/2021MNRAS.505L..95A},
 archiveprefix = {arXiv},
 author = {{Alsing}, Justin and {\textbf{Handley}}, {\textbf{Will}} },
 doi = {10.1093/mnrasl/slab057},
 eprint = {2102.12478},
 journal = {\mnras},
 keywords = {methods: data analysis, Astrophysics - Instrumentation and Methods for Astrophysics, Astrophysics - Cosmology and Nongalactic Astrophysics, Physics - Data Analysis, Statistics and Probability, Statistics - Computation, Statistics - Machine Learning},
 month = {July},
 number = {1},
 pages = {L95-L99},
 primaryclass = {astro-ph.IM},
 title = {{Nested sampling with any prior you like}},
 volume = {505},
 year = {2021}
}

@article{2022arXiv220711457B,
 adsnote = {Provided by the SAO/NASA Astrophysics Data System},
 adsurl = {https://ui.adsabs.harvard.edu/abs/2022arXiv220711457B},
 archiveprefix = {arXiv},
 author = {{Bevins}, Harry and {\textbf{Handley}}, {\textbf{Will}} and {Lemos}, Pablo and {Sims}, Peter and {de Lera Acedo}, Eloy and {Fialkov}, Anastasia},
 doi = {10.48550/arXiv.2207.11457},
 eid = {arXiv:2207.11457},
 eprint = {2207.11457},
 journal = {arXiv},
 keywords = {Astrophysics - Cosmology and Nongalactic Astrophysics, Astrophysics - Instrumentation and Methods for Astrophysics},
 month = {July},
 primaryclass = {astro-ph.CO},
 title = {{Marginal Bayesian Statistics Using Masked Autoregressive Flows and Kernel Density Estimators with Examples in Cosmology}},
 volume = {2207.11457},
 year = {2022}
}

@article{2019JOSS....4.1414H,
 adsnote = {Provided by the SAO/NASA Astrophysics Data System},
 adsurl = {https://ui.adsabs.harvard.edu/abs/2019JOSS....4.1414H},
 archiveprefix = {arXiv},
 author = {{\textbf{Handley}}, {\textbf{Will}} },
 doi = {10.21105/joss.01414},
 eprint = {1905.04768},
 journal = {\joss},
 keywords = {Astrophysics - Instrumentation and Methods for Astrophysics, Astrophysics - Cosmology and Nongalactic Astrophysics, Astrophysics - Instrumentation and Methods for Astrophysics, Astrophysics - Cosmology and Nongalactic Astrophysics},
 month = {May},
 pages = {1414},
 primaryclass = {astro-ph.IM},
 title = {{anesthetic: nested sampling visualisation}},
 volume = {4},
 year = {2019}
}

@ARTICLE{Marshall2006,
       author = {{Marshall}, Phil and {Rajguru}, Nutan and {Slosar}, An{\v{z}}e},
        title = "{Bayesian evidence as a tool for comparing datasets}",
      journal = {\prd},
     keywords = {98.80.Cq, Particle-theory and field-theory models of the early Universe, Astrophysics},
         year = 2006,
        month = mar,
       volume = {73},
       number = {6},
          eid = {067302},
        pages = {067302},
          doi = {10.1103/PhysRevD.73.067302},
archivePrefix = {arXiv},
       eprint = {astro-ph/0412535},
 primaryClass = {astro-ph},
       adsurl = {https://ui.adsabs.harvard.edu/abs/2006PhRvD..73f7302M},
      adsnote = {Provided by the SAO/NASA Astrophysics Data System}
}

@ARTICLE{Handley2019,
       author = {{Handley}, Will and {Lemos}, Pablo},
        title = "{Quantifying tensions in cosmological parameters: Interpreting the DES evidence ratio}",
      journal = {\prd},
     keywords = {Astrophysics - Cosmology and Nongalactic Astrophysics, Astrophysics - Instrumentation and Methods for Astrophysics},
         year = 2019,
        month = aug,
       volume = {100},
       number = {4},
          eid = {043504},
        pages = {043504},
          doi = {10.1103/PhysRevD.100.043504},
archivePrefix = {arXiv},
       eprint = {1902.04029},
 primaryClass = {astro-ph.CO},
       adsurl = {https://ui.adsabs.harvard.edu/abs/2019PhRvD.100d3504H},
      adsnote = {Provided by the SAO/NASA Astrophysics Data System}
}

@article{2023arXiv230502930B,
 adsnote = {Provided by the SAO/NASA Astrophysics Data System},
 adsurl = {https://ui.adsabs.harvard.edu/abs/2023arXiv230502930B},
 archiveprefix = {arXiv},
 author = {{Bevins}, Harry and {\textbf{Handley}}, {\textbf{Will}} and {Gessey-Jones}, Thomas},
 doi = {10.48550/arXiv.2305.02930},
 eid = {arXiv:2305.02930},
 eprint = {2305.02930},
 journal = {arXiv},
 keywords = {Statistics - Machine Learning, Computer Science - Machine Learning},
 month = {May},
 primaryclass = {stat.ML},
 title = {{Piecewise Normalizing Flows}},
 volume = {2305.02930},
 year = {2023}
}

@ARTICLE{2022arXiv220512841B,
     author = {{Bevins}, Harry T.~J. and {Handley}, William J. and {Lemos}, Pablo and {Sims}, Peter H. and {de Lera Acedo}, Eloy and {Fialkov}, Anastasia and {Alsing}, Justin},
      title = "{Removing the fat from your posterior samples with margarine}",
    journal = {arXiv e-prints},
   keywords = {Astrophysics - Instrumentation and Methods for Astrophysics, Astrophysics - Cosmology and Nongalactic Astrophysics, Computer Science - Machine Learning},
       year = 2022,
      month = may,
        eid = {arXiv:2205.12841},
      pages = {arXiv:2205.12841},
archivePrefix = {arXiv},
     eprint = {2205.12841},
primaryClass = {astro-ph.IM},
     adsurl = {https://ui.adsabs.harvard.edu/abs/2022arXiv220512841B},
    adsnote = {Provided by the SAO/NASA Astrophysics Data System}
}




@article{parzen1962estimation,
  title={On estimation of a probability density function and mode},
  author={Parzen, Emanuel},
  journal={The annals of mathematical statistics},
  volume={33},
  number={3},
  pages={1065--1076},
  year={1962},
  publisher={JSTOR}
}

@article{Rosenblatt1956,
author = {Murray Rosenblatt},
title = {{Remarks on Some Nonparametric Estimates of a Density Function}},
volume = {27},
journal = {The Annals of Mathematical Statistics},
number = {3},
publisher = {Institute of Mathematical Statistics},
pages = {832 -- 837},
year = {1956},
doi = {10.1214/aoms/1177728190},
URL = {https://doi.org/10.1214/aoms/1177728190}
}

@ARTICLE{2017arXiv170507057P,
       author = {{Papamakarios}, George and {Pavlakou}, Theo and {Murray}, Iain},
        title = "{Masked Autoregressive Flow for Density Estimation}",
      journal = {arXiv e-prints},
     keywords = {Statistics - Machine Learning, Computer Science - Machine Learning},
         year = 2017,
        month = may,
          eid = {arXiv:1705.07057},
        pages = {arXiv:1705.07057},
          doi = {10.48550/arXiv.1705.07057},
archivePrefix = {arXiv},
       eprint = {1705.07057},
 primaryClass = {stat.ML},
       adsurl = {https://ui.adsabs.harvard.edu/abs/2017arXiv170507057P},
      adsnote = {Provided by the SAO/NASA Astrophysics Data System}
}

@ARTICLE{Lemos2021,
       author = {{Handley}, Will and {Lemos}, Pablo},
        title = "{Quantifying the global parameter tensions between ACT, SPT, and Planck}",
      journal = {\prd},
     keywords = {Astrophysics - Cosmology and Nongalactic Astrophysics},
         year = 2021,
        month = mar,
       volume = {103},
       number = {6},
          eid = {063529},
        pages = {063529},
          doi = {10.1103/PhysRevD.103.063529},
archivePrefix = {arXiv},
       eprint = {2007.08496},
 primaryClass = {astro-ph.CO},
       adsurl = {https://ui.adsabs.harvard.edu/abs/2021PhRvD.103f3529H},
      adsnote = {Provided by the SAO/NASA Astrophysics Data System}
}

@ARTICLE{Handley2019,
       author = {{Handley}, Will and {Lemos}, Pablo},
        title = "{Quantifying tensions in cosmological parameters: Interpreting the DES evidence ratio}",
      journal = {\prd},
     keywords = {Astrophysics - Cosmology and Nongalactic Astrophysics, Astrophysics - Instrumentation and Methods for Astrophysics},
         year = 2019,
        month = aug,
       volume = {100},
       number = {4},
          eid = {043504},
        pages = {043504},
          doi = {10.1103/PhysRevD.100.043504},
archivePrefix = {arXiv},
       eprint = {1902.04029},
 primaryClass = {astro-ph.CO},
       adsurl = {https://ui.adsabs.harvard.edu/abs/2019PhRvD.100d3504H},
      adsnote = {Provided by the SAO/NASA Astrophysics Data System}
}

@ARTICLE{Lemos2020,
       author = {{Lemos}, Pablo and {K{\"o}hlinger}, Fabian and {Handley}, Will and {Joachimi}, Benjamin and {Whiteway}, Lorne and {Lahav}, Ofer},
        title = "{Quantifying Suspiciousness within correlated data sets}",
      journal = {\mnras},
     keywords = {cosmology: observations, methods: data analysis, methods: statistical, gravitational lensing: weak, Cosmological parameters, large-scale structure of Universe, Astrophysics - Cosmology and Nongalactic Astrophysics, Astrophysics - Instrumentation and Methods for Astrophysics},
         year = 2020,
        month = aug,
       volume = {496},
       number = {4},
        pages = {4647-4653},
          doi = {10.1093/mnras/staa1836},
archivePrefix = {arXiv},
       eprint = {1910.07820},
 primaryClass = {astro-ph.CO},
       adsurl = {https://ui.adsabs.harvard.edu/abs/2020MNRAS.496.4647L},
      adsnote = {Provided by the SAO/NASA Astrophysics Data System}
}

@ARTICLE{2021JCAP...05..057T,
       author = {{Torrado}, Jes{\'u}s and {Lewis}, Antony},
        title = "{Cobaya: code for Bayesian analysis of hierarchical physical models}",
      journal = {\jcap},
     keywords = {cosmological parameters from CMBR, cosmological parameters from LSS, Astrophysics - Instrumentation and Methods for Astrophysics, Astrophysics - Cosmology and Nongalactic Astrophysics},
         year = 2021,
        month = may,
       volume = {2021},
       number = {5},
          eid = {057},
        pages = {057},
          doi = {10.1088/1475-7516/2021/05/057},
archivePrefix = {arXiv},
       eprint = {2005.05290},
 primaryClass = {astro-ph.IM},
       adsurl = {https://ui.adsabs.harvard.edu/abs/2021JCAP...05..057T},
      adsnote = {Provided by the SAO/NASA Astrophysics Data System}
}

@article{skilling2006,
    author = "Skilling, John",
    doi = "10.1214/06-BA127",
    fjournal = "Bayesian Analysis",
    journal = "Bayesian Anal.",
    month = "12",
    number = "4",
    pages = "833--859",
    publisher = "International Society for Bayesian Analysis",
    title = "Nested sampling for general Bayesian computation",
    url = "https://doi.org/10.1214/06-BA127",
    volume = "1",
    year = "2006"
}

@ARTICLE{2022NRvMP...2...39A,
       author = {{Ashton}, Greg and {Bernstein}, Noam and {Buchner}, Johannes and {Chen}, Xi and {Cs{\'a}nyi}, G{\'a}bor and {Fowlie}, Andrew and {Feroz}, Farhan and {Griffiths}, Matthew and {Handley}, Will and {Habeck}, Michael and {Higson}, Edward and {Hobson}, Michael and {Lasenby}, Anthony and {Parkinson}, David and {P{\'a}rtay}, Livia B. and {Pitkin}, Matthew and {Schneider}, Doris and {Speagle}, Joshua S. and {South}, Leah and {Veitch}, John and {Wacker}, Philipp and {Wales}, David J. and {Yallup}, David},
        title = "{Nested sampling for physical scientists}",
      journal = {Nature Reviews Methods Primers},
     keywords = {Statistics - Computation, Astrophysics - Cosmology and Nongalactic Astrophysics, Astrophysics - Instrumentation and Methods for Astrophysics, Condensed Matter - Materials Science, High Energy Physics - Phenomenology},
         year = 2022,
        month = may,
       volume = {2},
          eid = {39},
        pages = {39},
          doi = {10.1038/s43586-022-00121-x},
archivePrefix = {arXiv},
       eprint = {2205.15570},
 primaryClass = {stat.CO},
       adsurl = {https://ui.adsabs.harvard.edu/abs/2022NRvMP...2...39A},
      adsnote = {Provided by the SAO/NASA Astrophysics Data System}
}


